<record><leader>00000cas a22000007a 4500</leader><controlfield tag="001">13084810</controlfield><controlfield tag="008">860130d18811891inuwr ne      0    0eng d</controlfield><datafield ind1=" " ind2=" " tag="010"><subfield code="a">sn 86058216 </subfield></datafield><datafield ind1=" " ind2=" " tag="040"><subfield code="a">NPI</subfield><subfield code="b">eng</subfield><subfield code="c">NPI</subfield><subfield code="d">OCLCQ</subfield></datafield><datafield ind1=" " ind2=" " tag="042"><subfield code="a">msc</subfield></datafield><datafield ind1="0" ind2="4" tag="245"><subfield code="a">The Richmond Democrat.</subfield></datafield><datafield ind1=" " ind2=" " tag="260"><subfield code="a">Richmond, Ind. :</subfield><subfield code="b">James Elder,</subfield><subfield code="c">1881-1891.</subfield></datafield><datafield ind1=" " ind2=" " tag="310"><subfield code="a">Weekly</subfield></datafield><datafield ind1="0" ind2=" " tag="362"><subfield code="a">Vol. 1, no. 1 (Jan. 6, 1881)-v. 10, no. 27 (Jan. 8, 1891).</subfield></datafield><datafield ind1=" " ind2=" " tag="752"><subfield code="a">United States</subfield><subfield code="b">Indiana</subfield><subfield code="c">Wayne</subfield><subfield code="d">Richmond.</subfield></datafield><datafield ind1="0" ind2="5" tag="780"><subfield code="t">Richmond daily enquirer</subfield><subfield code="w">(DLC)sn 86058230</subfield></datafield><datafield ind1="0" ind2="0" tag="785"><subfield code="t">Richmond sun. (Democrat)</subfield><subfield code="w">(DLC)sn 86058763</subfield></datafield></record>